@online{anleitung,
  author = {TU Dortmund},
  title = {Versuchsanleitung V53},
  url = {http://129.217.224.2/HOMEPAGE/PHYSIKER/BACHELOR/FP/SKRIPT/AnlMikrowelle.pdf},
  urldate = {2018-12-12}
}
