
@online{anleitung,
  author = {TU Dortmund},
  title = {Versuchsanleitung V16},
  url = {http://129.217.224.2/HOMEPAGE/PHYSIKER/BACHELOR/FP/SKRIPT/Rutherford.pdf},
  urldate = {2018-11-18}
}

@online{1,
  author = {},
  title = {Halbleiterdetektoren},
  url = {https://web-docs.gsi.de/~wolle/Schuelerlabor/TALKS/DETEKTOREN/VO-4-Halbleiterdetektoren.pdf},
  urldate = {2018-11-18}
}
