@online{anleitung,
  author = {TU Dortmund},
  title = {Versuchsanleitung V28},
  url = {http://129.217.224.2/HOMEPAGE/PHYSIKER/BACHELOR/FP/SKRIPT/ESR.pdf},
  urldate = {2018-11-05}
}

@online{1,
  author = {},
  title = {earth magnetic field},
  url = {http://www.biosensor-physik.de/biosensor/erdmagnetfeld.htm},
  urldate = {2018-11-05}
}
@online{2,
  author = {},
  title = {gyromagnetic moment},
  url = {https://physics.nist.gov/cgi-bin/cuu/Value?gammae},
  urldate = {2018-11-05}
}
