@online{1,
  author = {TU Dortmund},
  title = {Versuchsanleitung V46},
  url = {http://129.217.224.2/HOMEPAGE/PHYSIKER/BACHELOR/FP/SKRIPT/V46.pdf},
  urldate = {2018-10-23}
}

@online{Brechungsindex,
  author = {},
  title = {brechungsindex GaAs},
  url = {https://books.google.de/books?id=8WOgBgAAQBAJ&pg=PA364&lpg=PA364&dq=brechungsindex+galliumarsenid&source=bl&ots=r0FJJIx00o&sig=2SJHpFA-ZHcat11eeriEVAZOzNw&hl=de&sa=X&ved=2ahUKEwiSqdDJs5reAhUqLcAKHWMTA-0Q6AEwBHoECAQQAQ#v=onepage&q=brechungsindex%20galliumarsenid&f=false},
  urldate = {2018-10-22}
}
@online{meff,
  author = {},
  title = {effektive Masse},
  url = {https://ecee.colorado.edu/~bart/book/effmass.htm},
  urldate = {2018-10-23}
}
@online{n2,
  author = {},
  title = {brechungsindex GaAs},
  url = {https://www.filmetrics.de/refractive-index-database/GaAs/Gallium-Arsenide},
  urldate = {2018-11-06}
}
